@book{handbook,
    title={Handbook of Applied Cryptography},
    author={Menezes, A.J. and van Oorschot, P.C. and Vanstone, S.A.},
    isbn={9780429881329},
    series={Discrete Mathematics and Its Applications},
    url={https://books.google.com/books?id=YyCyDwAAQBAJ},
    year={2018},
    publisher={CRC Press}
}

@book{textbook,
    title={Cryptography: Theory and Practice},
    author={Stinson, D.R. and Paterson, M.},
    isbn={9781315282473},
    series={Textbooks in Mathematics},
    url={https://books.google.com/books?id=nHxqDwAAQBAJ},
    year={2018},
    publisher={CRC Press}
}

@book{illustrated,
    title={An Illustrated Theory of Numbers},
    author={Weissman, M.H.},
    isbn={9781470463717},
    lccn={2017003379},
    series={Miscellaneous Books},
    url={https://books.google.com/books?id=ILH\_DwAAQBAJ},
    year={2020},
    publisher={American Mathematical Society}
}
@article{pomerance,
    author={Pomerance, Carl},
    title={Smooth numbers and the quadratic sieve},
    journal={Algorithmic Number Theory},
    issue_date={2008},
    volume={44},
    publisher={MSRI Publications},
    url={https://math.dartmouth.edu/~carlp/PDF/qs08.pdf}
}
@misc{wiki-gnfs,
    author = "{Wikipedia contributors}",
    title = "General number field sieve --- {Wikipedia}{,} The Free Encyclopedia",
    year = "2021",
    url = "https://en.wikipedia.org/w/index.php?title=General_number_field_sieve&oldid=1022813880",
    note = "[Online; accessed 12-May-2021]"
}

